<?xml version="1.0" encoding="UTF-8"?><collection xmlns="http://www.loc.gov/MARC21/slim"><record><leader>00451nam--2200181-i-4500</leader><controlfield tag="001">000002217</controlfield><controlfield tag="002">20161230</controlfield><controlfield tag="005">20170107171533</controlfield><controlfield tag="008">060222s1000------------r-----000-0-rus-d</controlfield><datafield ind1=" " ind2=" " tag="040"><subfield code="a">IFIN-HH</subfield></datafield><datafield ind1=" " ind2=" " tag="041"><subfield code="a">rus</subfield></datafield><datafield ind1=" " ind2=" " tag="080"><subfield code="a">537.311.33</subfield></datafield><datafield ind1="1" ind2=" " tag="110"><subfield code="a">Akademia Nauk Azerbaidjanskoi SSR</subfield></datafield><datafield ind1="1" ind2="0" tag="245"><subfield code="a">Issledovania po fizike poluprovodnikov</subfield></datafield><datafield ind1=" " ind2=" " tag="260"><subfield code="a">Baku</subfield><subfield code="b">Elm</subfield><subfield code="c">1974</subfield></datafield><datafield ind1=" " ind2=" " tag="300"><subfield code="a">133 p</subfield></datafield><datafield ind1=" " ind2=" " tag="852"><subfield code="a">42793</subfield><subfield code="c">537.311.33</subfield></datafield><datafield ind1=" " ind2=" " tag="CAT"><subfield code="a">SYS</subfield><subfield code="c">20170107</subfield><subfield code="h">171533</subfield></datafield></record></collection>